@book{4894711397,
  author =       {Leslie Lamport},
  title =        {文書処理システム{\LaTeXe}},
  year =         1999,
  publisher =    {ピアソン・エデュケーション},
  ASIN =         4894711397,
  ISBN =         4894711397,
  EAN =          9784894711396,
  URL =          {http://www.amazon.co.jp/exec/obidos/ASIN/4894711397/},
  price =        {￥ 3,150},
}

@book{4756118135,
  author =       {Michel Goosens and Frank Mittelbach and Alexander Samarin},
  title =        {The {\LaTeX }コンパニオン},
  series =       {電子出版シリーズ},
  year =         1998,
  publisher =    {アスキー},
  ASIN =         4756118135,
  ISBN =         4756118135,
  EAN =          9784756118134,
  URL =          {http://www.ascii.co.jp/books/books/detail/4-7561-1813-5.shtml},
  price =        {￥ 5,040},
}

@book{4756134610,
  author =       {Michel Goosens and Sebastian Rahtz and Frank Mittelbach},
  title =        {{\LaTeX}グラフィックスコンパニオン―{\TeX}とPostScriptによる図解表現テクニック},
  year =         2000,
  series =       {アスキー・アジソンウェスレイシリーズ},
  publisher =    {アスキー},
  ASIN =         4756134610,
  ISBN =         4756134610,
  EAN =          9784756134615,
  URL =          {http://www.ascii.co.jp/books/detail/4-7561/4-7561-3461-0.html},
  price =        {￥ 5,670},
}

@book{4756139736,
  author =       {Michel Goosens and Sebastian Rahtz},
  title =        {{\LaTeX} Webコンパニオン―{\TeX}とHTML/XMLの統合},
  series =       {アスキー・アジソンウェスレイシリーズ},
  year =         2001,
  publisher =    {アスキー},
  ASIN =         4756139736,
  ISBN =         4756139736,
  EAN =          9784756139733,
  URL =          {http://www.ascii.co.jp/books/detail/4-7561/4-7561-3973-6.html},
  price =        {￥ 5,040},
}

@book{4774129844,
  author =       {奥村 晴彦},
  yomi = {Haruhiko Okumura},
  title =        {[改訂第4版]  {\LaTeXe}美文書作成入門},
  edition =      {改訂第4版},
  year =         2006,
  publisher =    {技術評論社},
  ASIN =         4774129844,
  ISBN =         4774129844,
  EAN =          9784774129846,
  URL =          {http://oku.edu.mie-u.ac.jp/~okumura/bibun4/},
  price =        {￥ 3,339},
}

@book{otobe:another1basic99,
    author    = "乙部 巌己 and 江口 庄英",
    yomi      = "Yoshiki Otobe and Shouei Eguchi",
    title     = "{p\LaTeXe} for Windows Another Manual Vol.1 Basic Kit 1999",
    publisher = "ソフトバンク",
    isbn      = "4-7973-0718-8",
    year      = 1998,
}

@book{otobe:another2ext,
    author    = "乙部 巌己 and 江口 庄英",
    yomi      = "Yoshiki Otobe and Shouei Eguchi",
    title     = "{p\LaTeXe} for Windows Another Manual Vol.2 Extended Kit",
    publisher = "ソフトバンク",
    isbn      = "4-7973-0267-4",
    year      = 1997,
}

@book{fujita:command,
    author    = "藤田 眞作",
    yomi      = "Shinsaku Fujita",
    title     = "{\LaTeXe}コマンドブック",
    publisher = "ソフトバンク",
    isbn      = "4-7973-2280-2",
    year      = 2003,
}

@book{honda:pokeri,
   author    = "本田 知亮",
   yomi      = "Tomoaki Honda",
   title     = "{\LaTeXe}標準コマンド ポケットリファレンス",
   publisher = "技術評論社",
   isbn      = "4-7741-2423-0",
   year      = 2005,
}

@book{4798115363,
  author =       {吉永 徹美},
  yomi   =       {Tetsumi Yoshinaga},
  title =        {独習{\LaTeXe}},
  year =         {2008},
  publisher =    {翔泳社},
  ASIN =         {4798115363},
  ISBN =         {4798115363},
  EAN =          {9784798115368},
  URL =          {http://www.amazon.co.jp/exec/obidos/ASIN/4798115363/},
  price =        {￥ 3,360},
}

@misc{mytexpert,
  author = {{Thor\TeX}},
  title = {{My\TeX pert}},
  howpublished = {\url{http://mytexpert.sourceforge.jp/}}
}

@manual{jou,
  author = {渡辺 徹},
  yomi = {Toru Watanabe},
  title = {{好き好き\LaTeXe 初級編}},
  edition = {3},
  year = {2006},
  note = {\url{http://mytexpert.sourceforge.jp/}}
}
